@article{CC,
  title={Size-dependent properties of CdSe quantum dots},
  author={Neeleshwar, S and Chen, Cheng-Lung and Tsai, CB and Chen, YY and Chen, Chia Chun and Shyu, SG and Seehra, MS},
  journal={Physical Review Bâ€”Condensed Matter and Materials Physics},
  volume={71},
  number={20},
  pages={201307},
  year={2005},
  publisher={APS}
}

@article{DD,
  title={Synthesis and optical properties of CdSe and CdSe/CdS nanoparticles},
  author={Hao, Encai and Sun, Haiping and Zhou, Zheng and Liu, Junqiu and Yang, Bai and Shen, Jiacong},
  journal={Chemistry of materials},
  volume={11},
  number={11},
  pages={3096--3102},
  year={1999},
  publisher={ACS Publications}
}

@article{EE,
  title={High-efficiency light-emitting devices based on quantum dots with tailored nanostructures},
  author={Yang, Yixing and Zheng, Ying and Cao, Weiran and Titov, Alexandre and Hyvonen, Jake and Manders, Jesse R and Xue, Jiangeng and Holloway, Paul H and Qian, Lei},
  journal={Nature Photonics},
  volume={9},
  number={4},
  pages={259--266},
  year={2015},
  publisher={Nature Publishing Group UK London}
}

@article{AA,
  title={On-surface reactions in the growth of high-quality CdSe nanocrystals in nonpolar solutions},
  author={Lai, Runchen and Pu, Chaodan and Peng, Xiaogang},
  journal={Journal of the American Chemical Society},
  volume={140},
  number={29},
  pages={9174--9183},
  year={2018},
  publisher={ACS Publications}
}

@article{BB,
  title={Robust photogeneration of H2 in water using semiconductor nanocrystals and a nickel catalyst},
  author={Han, Zhiji and Qiu, Fen and Eisenberg, Richard and Holland, Patrick L and Krauss, Todd D},
  journal={Science},
  volume={338},
  number={6112},
  pages={1321--1324},
  year={2012},
  publisher={American Association for the Advancement of Science}
}

@article{NN,
  title={Synthesis and characterization of nearly monodisperse CdE (E= sulfur, selenium, tellurium) semiconductor nanocrystallites},
  author={Murray, CBea and Norris, David J and Bawendi, Moungi G},
  journal={Journal of the American Chemical Society},
  volume={115},
  number={19},
  pages={8706--8715},
  year={1993},
  publisher={ACS Publications}
}

@article{FF,
  title={The heat-up synthesis of colloidal nanocrystals},
  author={Van Embden, Joel and Chesman, Anthony SR and Jasieniak, Jacek J},
  journal={Chemistry of Materials},
  volume={27},
  number={7},
  pages={2246--2285},
  year={2015},
  publisher={ACS Publications}
}

@article{GG,
  title={On-chip quantum information processing with distinguishable photons},
  author={Yard, Patrick and Jones, Alex E and Paesani, Stefano and Ma{\"\i}nos, Alexandre and Bulmer, Jacob FF and Laing, Anthony},
  journal={Physical Review Letters},
  volume={132},
  number={15},
  pages={150602},
  year={2024},
  publisher={APS}
}

@article{OO,
  title={A bright and fast source of coherent single photons},
  author={Tomm, Natasha and Javadi, Alisa and Antoniadis, Nadia Olympia and Najer, Daniel and L{\"o}bl, Matthias Christian and Korsch, Alexander Rolf and Schott, R{\"u}diger and Valentin, Sascha Ren{\'e} and Wieck, Andreas Dirk and Ludwig, Arne and others},
  journal={Nature Nanotechnology},
  volume={16},
  number={4},
  pages={399--403},
  year={2021},
  publisher={Nature Publishing Group UK London}
}

@article{PP,
  title={Ultrafast room-temperature single photon emission from quantum dots coupled to plasmonic nanocavities},
  author={Hoang, Thang B and Akselrod, Gleb M and Mikkelsen, Maiken H},
  journal={Nano letters},
  volume={16},
  number={1},
  pages={270--275},
  year={2016},
  publisher={ACS Publications}
}

@article{QQ,
  title={Single-photon emission behavior of isolated CdSe/ZnS quantum dots interacting with the localized surface plasmon resonance of silver nanoparticles},
  author={Naiki, Hiroyuki and Masuo, Sadahiro and Machida, Shinjiro and Itaya, Akira},
  journal={The Journal of Physical Chemistry C},
  volume={115},
  number={47},
  pages={23299--23304},
  year={2011},
  publisher={ACS Publications}
}

@article{RR,
  title={Optical properties of CdSe quantum dots grown on ZnSe and ZnBeSe by molecular beam epitaxy},
  author={Zhou, X and Tamargo, MC and Guo, SP and Chen, YC},
  journal={Journal of electronic materials},
  volume={32},
  pages={733--736},
  year={2003},
  publisher={Springer}
}

@article{UU,
  title={Origin and control of blinking in quantum dots},
  author={Efros, Alexander L and Nesbitt, David J},
  journal={Nature nanotechnology},
  volume={11},
  number={8},
  pages={661--671},
  year={2016},
  publisher={Nature Publishing Group UK London}
}

@book{TT,
  title={Principles of nano-optics},
  author={Novotny, Lukas and Hecht, Bert},
  year={2012},
  publisher={Cambridge university press}
}

@book{VV,
  title={Nanocrystal quantum dots},
  author={Klimov, Victor I},
  year={2017},
  publisher={CRC press}
}

@article{HH,
  title={An in-house constructed dual channel confocal fluorescence microscope for biomolecular imaging},
  author={Shakhi, PK and Bijeesh, MM and Varier, Geetha K and Nandakumar, P},
  journal={OSA Continuum},
  volume={4},
  number={8},
  pages={2177--2192},
  year={2021},
  publisher={Optica Publishing Group}
}

@article{II,
  title={Fluorescence intermittency in single cadmium selenide nanocrystals},
  author={Nirmal, Manoj and Dabbousi, Bashir O and Bawendi, Moungi G and Macklin, JJ and Trautman, JK and Harris, TD and Brus, Louis E},
  journal={Nature},
  volume={383},
  number={6603},
  pages={802--804},
  year={1996},
  publisher={Nature Publishing Group UK London}
}

@article{KK,
  title={Colloidal CdSe nanocrystals are inherently defective},
  author={Goldzak, Tamar and McIsaac, Alexandra R and Van Voorhis, Troy},
  journal={Nature Communications},
  volume={12},
  number={1},
  pages={890},
  year={2021},
  publisher={Nature Publishing Group UK London}
}

@article{WW,
  title={Biexciton quantum yield of single semiconductor nanocrystals from photon statistics},
  author={Nair, Gautham and Zhao, Jing and Bawendi, Moungi G},
  journal={Nano letters},
  volume={11},
  number={3},
  pages={1136--1140},
  year={2011},
  publisher={ACS Publications}
}

@article{XX,
  title={Highly stable and pure single-photon emission with 250 ps optical coherence times in InP colloidal quantum dots},
  author={Proppe, Andrew H and Berkinsky, David B and Zhu, Hua and {\v{S}}verko, Tara and Kaplan, Alexander EK and Horowitz, Jonah R and Kim, Taehyung and Chung, Heejae and Jun, Shinae and Bawendi, Moungi G},
  journal={Nature Nanotechnology},
  volume={18},
  number={9},
  pages={993--999},
  year={2023},
  publisher={Nature Publishing Group UK London}
}

@article{SS,
  title={Single photon emission from graphene quantum dots at room temperature},
  author={Zhao, Shen and Lavie, Julien and Rondin, Lo{\"\i}c and Orcin-Chaix, Lucile and Diederichs, Carole and Roussignol, Philippe and Chassagneux, Yannick and Voisin, Christophe and M{\"u}llen, Klaus and Narita, Akimitsu and others},
  journal={Nature Communications},
  volume={9},
  number={1},
  pages={3470},
  year={2018},
  publisher={Nature Publishing Group UK London}
}

@article{LL,
  title={Mechanisms of nucleation and growth of nanoparticles in solution},
  author={Thanh, Nguyen TK and Maclean, N and Mahiddine, S},
  journal={Chemical reviews},
  volume={114},
  number={15},
  pages={7610--7630},
  year={2014},
  publisher={ACS Publications}
}

@article{MM,
  title={Extinction coefficients, oscillator strengths, and radiative lifetimes of CdSe, CdTe, and CdTe/CdSe nanocrystals},
  author={Gong, Ke and Zeng, Youhong and Kelley, David F},
  journal={The Journal of Physical Chemistry C},
  volume={117},
  number={39},
  pages={20268--20279},
  year={2013},
  publisher={ACS Publications}
}

@article{YY,
  title={Relation between dipole moment and radiative lifetime in interface fluctuation quantum dots},
  author={Thr{\"a}nhardt, A and Ell, C and Khitrova, G and Gibbs, HM},
  journal={Physical Review B},
  volume={65},
  number={3},
  pages={035327},
  year={2002},
  publisher={APS}
}

@article{AAB,
  title={Optical absorption and photoluminescence studies on CdS quantum dots in Nafion},
  author={Nandakumar, P and Vijayan, C and Murti, YVGS},
  journal={Journal of applied physics},
  volume={91},
  number={3},
  pages={1509--1514},
  year={2002},
  publisher={American Institute of Physics}
}

@article{AAA,
  title={Multiexciton absorption and multiple exciton generation in CdSe quantum dots},
  author={Franceschetti, Alberto and Zhang, Yong},
  journal={Physical review letters},
  volume={100},
  number={13},
  pages={136805},
  year={2008},
  publisher={APS}
}

@article{AAC,
  title={Frequency-Dependent Spontaneous Emission Rate from CdSe and CdTe Nanocrystals:<? format?> Influence of Dark States},
  author={Van Driel, AF and Allan, Guy and Delerue, Christophe and Lodahl, Peter and Vos, Willem L and Vanmaekelbergh, Daniel},
  journal={Physical Review Letters},
  volume={95},
  number={23},
  pages={236804},
  year={2005},
  publisher={APS}
}

@article{AAD,
  title={Temporal evolution of white light emission from CdSe quantum dots},
  author={Qian, Lei and Bera, Debasis and Holloway, Paul H},
  journal={Nanotechnology},
  volume={19},
  number={28},
  pages={285702},
  year={2008},
  publisher={IOP Publishing}
}

@article{AAE,
  title={A first-principles study on the structural, elastic, electronic, optical, lattice dynamical, and thermodynamic properties of zinc-blende CdX (X= S, Se, and Te)},
  author={Guo, Lei and Zhang, Shengtao and Feng, Wenjiang and Hu, Ge and Li, Wenpo},
  journal={Journal of alloys and compounds},
  volume={579},
  pages={583--593},
  year={2013},
  publisher={Elsevier}
}

@article{AAF,
  title={Utilizing self-exchange to address the binding of carboxylic acid ligands to CdSe quantum dots},
  author={Fritzinger, Bernd and Capek, Richard K and Lambert, Karel and Martins, Jos{\'e} C and Hens, Zeger},
  journal={Journal of the American Chemical Society},
  volume={132},
  number={29},
  pages={10195--10201},
  year={2010},
  publisher={ACS Publications}
}

@article{AAG,
  title={A bright source of telecom single photons based on quantum frequency conversion},
  author={Morrison, Christopher L and Rambach, Markus and Koong, Zhe Xian and Graffitti, Francesco and Thorburn, Fiona and Kar, Ajoy K and Ma, Yong and Park, Suk-In and Song, Jin Dong and Stoltz, Nick G and others},
  journal={Applied Physics Letters},
  volume={118},
  number={17},
  year={2021},
  publisher={AIP Publishing}
}

@article{AAH,
  title={Quantum metrology of solid-state single-photon sources using photon-number-resolving detectors},
  author={Von Helversen, Martin and B{\"o}hm, Jonas and Schmidt, Marco and Gschrey, Manuel and Schulze, Jan-Hindrik and Strittmatter, Andr{\'e} and Rodt, Sven and Beyer, J{\"o}rn and Heindel, Tobias and Reitzenstein, Stephan},
  journal={New Journal of Physics},
  volume={21},
  number={3},
  pages={035007},
  year={2019},
  publisher={IOP Publishing}
}

@article{AAI,
  title={Experimental demonstration of complementarity with single photons},
  author={Braig, Christoph and Zarda, Patrick and Kurtsiefer, Christian and Weinfurter, Harald},
  journal={Applied Physics B},
  volume={76},
  pages={113--116},
  year={2003},
  publisher={Springer}
}

@article{AAJ,
  title={Two types of luminescence blinking revealed by spectroelectrochemistry of single quantum dots},
  author={Galland, Christophe and Ghosh, Yagnaseni and Steinbr{\"u}ck, Andrea and Sykora, Milan and Hollingsworth, Jennifer A and Klimov, Victor I and Htoon, Han},
  journal={Nature},
  volume={479},
  number={7372},
  pages={203--207},
  year={2011},
  publisher={Nature Publishing Group UK London}
}

@article{AAK,
  title={Phosphine-free synthesis of monodisperse CdSe nanocrystals in olive oil},
  author={Sapra, Sameer and Rogach, Andrey L and Feldmann, Jochen},
  journal={Journal of Materials Chemistry},
  volume={16},
  number={33},
  pages={3391--3395},
  year={2006},
  publisher={Royal Society of Chemistry}
}

@inproceedings{AAL,
  title={Time-Correlated Single Photon Counting},
  author={Michael Wahl},
  year={2009},
  url={https://api.semanticscholar.org/CorpusID:15143870}
}


@article{AAM,
  title={Electronic wave functions in semiconductor clusters: experiment and theory},
  author={Brus, Louis},
  journal={The Journal of Physical Chemistry},
  volume={90},
  number={12},
  pages={2555--2560},
  year={1986},
  publisher={ACS Publications}
}

@article{AAO,
  title={Interband absorption of light in a semiconductor sphere},
  author={Efros, Alexander L and Efros, Al L},
  journal={Sov. Phys. Semicond},
  volume={16},
  number={7},
  pages={772--775},
  year={1982}
}

@article{AAN,
  title={Refractiveindex. info database of optical constants},
  author={Polyanskiy, Mikhail N},
  journal={Scientific Data},
  volume={11},
  number={1},
  pages={94},
  year={2024},
  publisher={Nature Publishing Group UK London}
}

@article{AAQ,
  title={Synthesis and characterization of InP quantum dots},
  author={Micic, Olga I and Curtis, Calvin J and Jones, Kim M and Sprague, Julian R and Nozik, Arthur J},
  journal={The Journal of Physical Chemistry},
  volume={98},
  number={19},
  pages={4966--4969},
  year={1994},
  publisher={ACS Publications}
}

@article{AAP,
  title={Inhibited and enhanced spontaneous emission from optically thin AlGaAs/GaAs double heterostructures},
  author={Yablonovitch, E and Gmitter, TJ and Bhat, R},
  journal={Physical review letters},
  volume={61},
  number={22},
  pages={2546},
  year={1988},
  publisher={APS}
}

@article{AAR,
  title={Enhanced Emission from Bright Excitons in Asymmetrically Strained Colloidal CdSe/Cd x Zn1--x Se Quantum Dots},
  author={Fedin, Igor and Goryca, Mateusz and Liu, Dan and Tretiak, Sergei and Klimov, Victor I and Crooker, Scott A},
  journal={ACS nano},
  volume={15},
  number={9},
  pages={14444--14452},
  year={2021},
  publisher={ACS Publications}
}

@article{AAS,
  title={Purifying single photon emission from giant shell CdSe/CdS quantum dots at room temperature},
  author={Morozov, Sergii and Vezzoli, Stefano and Myslovska, Alina and Di Giacomo, Alessio and Mortensen, N Asger and Moreels, Iwan and Sapienza, Riccardo},
  journal={Nanoscale},
  volume={15},
  number={4},
  pages={1645--1651},
  year={2023},
  publisher={Royal Society of Chemistry}
}

@article{AAT,
  title={Laser scanning photothermal microscopy: fast detection and imaging of gold nanoparticles},
  author={Arunkarthick, S and Bijeesh, MM and Varier, Geetha K and Kowshik, Meenal and Nandakumar, P},
  journal={Journal of Microscopy},
  volume={256},
  number={2},
  pages={111--116},
  year={2014},
  publisher={Wiley Online Library}
}

@article{ZZ,
  title={Pseudopotential calculations of nanoscale CdSe quantum dots},
  author={Wang, Lin-Wang and Zunger, Alex},
  journal={Physical Review B},
  volume={53},
  number={15},
  pages={9579},
  year={1996},
  publisher={APS}
}

@article{AAU,
  title={The surface science of nanocrystals},
  author={Boles, Michael A and Ling, Daishun and Hyeon, Taeghwan and Talapin, Dmitri V},
  journal={Nature materials},
  volume={15},
  number={2},
  pages={141--153},
  year={2016},
  publisher={Nature Publishing Group UK London}
}

@article{AAV,
  title={Exciton radiative lifetime in CdSe quantum dots},
  author={Ji, Zhimin and Song, Zhigang},
  journal={Journal of Semiconductors},
  volume={44},
  number={3},
  pages={032702},
  year={2023},
  publisher={IOP Publishing}
}